<?xml version="1.0" encoding="UTF-8"?><collection xmlns="http://www.loc.gov/MARC21/slim"><record><leader>00415nam--2200169-i-4500</leader><controlfield tag="001">000033041</controlfield><controlfield tag="002">20161230</controlfield><controlfield tag="005">20170123233547</controlfield><controlfield tag="008">060222s1000------------r-----000-0-eng-d</controlfield><datafield ind1=" " ind2=" " tag="040"><subfield code="a">IFIN-HH</subfield></datafield><datafield ind1=" " ind2=" " tag="080"><subfield code="a">518.2</subfield></datafield><datafield ind1=" " ind2=" " tag="100"><subfield code="a">Mihailescu, Nicolae</subfield></datafield><datafield ind1=" " ind2=" " tag="245"><subfield code="a">Memorator matematic si tehnic</subfield></datafield><datafield ind1=" " ind2=" " tag="260"><subfield code="a">Bucuresti</subfield><subfield code="b">Editura Tehnica</subfield><subfield code="c">1955</subfield></datafield><datafield ind1=" " ind2=" " tag="300"><subfield code="a">1072 p</subfield></datafield><datafield ind1=" " ind2=" " tag="852"><subfield code="a">4044</subfield><subfield code="c">518.2</subfield></datafield><datafield ind1=" " ind2=" " tag="CAT"><subfield code="a">SYS</subfield><subfield code="c">20170123</subfield><subfield code="h">233547</subfield></datafield></record></collection>